@Book{Hartley2004,
    author = "Hartley, R.~I. and Zisserman, A.",
    title = "Multiple View Geometry in Computer Vision",
    edition = "Second",
    year = "2004",
    publisher = "Cambridge University Press, ISBN: 0521540518"
}
@article{chaumette2006visual,
  title={Visual servo control. I. Basic approaches},
  author={Chaumette, Fran{\c{c}}ois and Hutchinson, Seth},
  journal={Robotics \& Automation Magazine, IEEE},
  volume={13},
  number={4},
  pages={82--90},
  year={2006},
  publisher={IEEE}
}
@article{chaumette2007visual,
  title={Visual servo control, Part II: Advanced approaches},
  author={Chaumette, Fran{\c{c}}ois and Hutchinson, Seth},
  journal={IEEE Robotics and Automation Magazine},
  volume={14},
  number={1},
  pages={109--118},
  year={2007}
}
@misc{weisstein1,
    author   = {Rowland, Todd and Weisstein, Eric W.},
    title    = {Tensor},
    howpublished      = {\href{http://mathworld.wolfram.com/Tensor.html}{http://mathworld.wolfram.com/Tensor.html}},
    note     = {Last visited on 03/02/2015},
}
@misc{weisstein2,
    author   = {Stover, Christopher and Weisstein, Eric W.},
    title    = {Einstein Summation},
    howpublished      = {\href{http://mathworld.wolfram.com/EinsteinSummation.html}{http://mathworld.wolfram.com/EinsteinSummation.html}},
    note     = {Last visited on 03/02/2015},
}
@article{lopez2010visual,
  title={Visual control through the trifocal tensor for nonholonomic robots},
  author={L{\'o}pez-Nicol{\'a}s, Gonzalo and Guerrero, Jos{\'e} Jes{\'u}s and Sag{\"u}{\'e}s, Carlos},
  journal={Robotics and Autonomous Systems},
  volume={58},
  number={2},
  pages={216--226},
  year={2010},
  publisher={Elsevier}
}
@inproceedings{shademan2010three,
  title={Three-view uncalibrated visual servoing},
  author={Shademan, Azad and Jagersand, M},
  booktitle={Intelligent Robots and Systems (IROS), 2010 IEEE/RSJ International Conference on},
  pages={6234--6239},
  year={2010},
  organization={IEEE}
}
@inproceedings{becerra2009pose,
  title={Pose-estimation-based visual servoing for differential-drive robots using the 1d trifocal tensor},
  author={Becerra, HM and Sagues, C},
  booktitle={Intelligent Robots and Systems, 2009. IROS 2009. IEEE/RSJ International Conference on},
  pages={5942--5947},
  year={2009},
  organization={IEEE}
}
@article{malis20002,
  title={2 1/2 d visual servoing with respect to unknown objects through a new estimation scheme of camera displacement},
  author={Malis, Ezio and Chaumette, Fran{\c{c}}ois},
  journal={International Journal of Computer Vision},
  volume={37},
  number={1},
  pages={79--97},
  year={2000},
  publisher={Springer}
}
@INPROCEEDINGS{chesi,
author={Chesi, G. and Prattichizzo, D. and Vicino, A.},
booktitle={Robotics and Automation, 2001. Proceedings 2001 ICRA. IEEE International Conference on},
title={A visual servoing algorithm based on epipolar geometry},
year={2001},
month={},
volume={1},
pages={737-742 vol.1},
keywords={geometry;mobile robots;motion estimation;path planning;robot kinematics;robot vision;symmetry;3D scene;epipolar geometry;epipolar tangencies;mobile robot navigation;nonholonomic kinematics;object profiles;unstructured environments;visual servoing algorithm;Cameras;Feedback;Geometry;Layout;Mobile robots;Navigation;Robot sensing systems;Robot vision systems;Surface texture;Visual servoing},
doi={10.1109/ROBOT.2001.932638},
ISSN={1050-4729},}
@INPROCEEDINGS{Malis,
author={Benhimane, Selim and Malis, E.},
booktitle={Robotics and Automation, 2006. ICRA 2006. Proceedings 2006 IEEE International Conference on},
title={Homography-based 2D visual servoing},
year={2006},
month={May},
pages={2397-2402},
keywords={image motion analysis;robot vision;stability;homography-based 2D visual servoing;image-based visual servoing;isomorphism;robot vision;Cameras;Current measurement;Estimation error;Image converters;Image reconstruction;Robot control;Robot vision systems;Robust stability;Transmission line matrix methods;Visual servoing},
doi={10.1109/ROBOT.2006.1642061},
ISSN={1050-4729},}
@INPROCEEDINGS{lopez2006,
author={Lopez-Nicolas, G. and Sagues, C. and Guerrero, J.J. and Kragic, D. and Jensfelt, P.},
booktitle={Robotics and Automation, 2006. ICRA 2006. Proceedings 2006 IEEE International Conference on},
title={Nonholonomic epipolar visual servoing},
year={2006},
month={May},
pages={2378-2384},
keywords={attitude control;control engineering computing;feature extraction;feedback;geometry;image motion analysis;manipulators;mobile robots;position control;robot vision;robust control;docking maneuver;epipolar geometry;holonomic robots;mobile manipulator;nonholonomic epipolar visual servoing;nonholonomic vehicles;orientation control;parallel parking maneuver;position control;robust feature detection;visual feedback;Computational geometry;Content addressable storage;Educational robots;Feedback;Manipulators;Navigation;Performance evaluation;Robust control;Vehicles;Visual servoing},
doi={10.1109/ROBOT.2006.1642058},
ISSN={1050-4729},}
@article{torr1997robust,
  title={Robust parameterization and computation of the trifocal tensor},
  author={Torr, Philip HS and Zisserman, Andrew},
  journal={Image and Vision Computing},
  volume={15},
  number={8},
  pages={591--605},
  year={1997},
  publisher={Elsevier}
}
@ARTICLE{visp,
author={Marchand, E. and Spindler, F. and Chaumette, F.},
journal={Robotics Automation Magazine, IEEE},
title={ViSP for visual servoing: a generic software platform with a wide class of robot control skills},
year={2005},
month={Dec},
volume={12},
number={4},
pages={40-52},
keywords={control engineering computing;image motion analysis;robot vision;tracking;Visual Servoing Platform;canonical vision-based tasks;control processes;generic software platform;image processing library;real-time tracking;robot control;virtual 6DOF robot;visual cues tracking;visual servoing;Application software;Computer architecture;Couplings;Hardware;Image processing;Linux;Process control;Robot control;Software libraries;Visual servoing},
doi={10.1109/MRA.2005.1577023},
ISSN={1070-9932},}
@book{spong2006robot,
  title={Robot modeling and control},
  author={Spong, Mark W and Hutchinson, Seth and Vidyasagar, Mathukumalli},
  volume={3},
  year={2006},
  publisher={Wiley New York}
}
@ARTICLE{538976,
author={Nelson, B.J. and Khosla, P.K.},
journal={Robotics and Automation, IEEE Transactions on},
title={Force and vision resolvability for assimilating disparate sensory feedback},
year={1996},
month={Oct},
volume={12},
number={5},
pages={714-731},
keywords={feedback;force control;force measurement;image sensors;intelligent control;manipulators;nonlinear control systems;servomechanisms;bounce suppression;common data representations;contact transitions;disparate sensory feedback assimilation;fast approach velocities;force sensor;impact force minimization;manipulator control;nonlinear force/vision servoing algorithm;resolvability;rigid environment;robotic manipulation tasks;sensor integration techniques;sensor resolvability;stability;stiff manipulator;vision sensors;Contacts;Feedback;Force control;Force sensors;Manipulators;Monitoring;Robot sensing systems;Robot vision systems;Robust stability;Switches},
doi={10.1109/70.538976},
ISSN={1042-296X},}
@ARTICLE{611333,
author={Sharma, R. and Hutchinson, S.},
journal={Robotics and Automation, IEEE Transactions on},
title={Motion perceptibility and its application to active vision-based servo control},
year={1997},
month={Aug},
volume={13},
number={4},
pages={607-617},
keywords={active vision;manipulators;path planning;position control;robot vision;servomechanisms;active vision-based servo control;composite perceptibility/manipulability measure;computer vision system;manipulability;motion perceptibility;relative hand/eye control;relative hand/eye positioning;Application software;Cameras;Computer vision;Manipulators;Motion measurement;Orbital robotics;Position measurement;Robot sensing systems;Robot vision systems;Servosystems},
doi={10.1109/70.611333},
ISSN={1042-296X},}
@article{nelson1996vision,
  title={Vision resolvability for visually servoed manipulation},
  author={Nelson, Bradley J and Khosla, Pradeep K},
  journal={Journal of Robotic Systems},
  volume={13},
  number={2},
  pages={75--93},
  year={1996},
  publisher={Wiley Online Library}
}
@incollection{chaumette1998potential,
  title={Potential problems of stability and convergence in image-based and position-based visual servoing},
  author={Chaumette, Francois},
  booktitle={The confluence of vision and control},
  pages={66--78},
  year={1998},
  publisher={Springer}
}
